# Data to cite
@article{finkelstein2008oregon,
    author = {Finkelstein, Amy and Taubman, Sarah and Wright, Bill and Bernstein, Mira and Gruber, Jonathan and Newhouse, Joseph P. and Allen, Heidi and Baicker, Katherine and Oregon Health Study Group},
    title = {The Oregon Health Insurance Experiment: Evidence from the First Year*},
    journal = {The Quarterly Journal of Economics},
    volume = {127},
    number = {3},
    pages = {1057-1106},
    year = {2012},
    month = {07},
    issn = {0033-5533},
    doi = {10.1093/qje/qjs020},
    url = {https://doi.org/10.1093/qje/qjs020},
    eprint = {https://academic.oup.com/qje/article-pdf/127/3/1057/30456845/qjs020.pdf},
    }
@misc{garg2025causalclaimseconomics,
    title={Causal Claims in Economics},
    author={Prashant Garg and Thiemo Fetzer},
    year={2025},
    eprint={2501.06873},
    archivePrefix={arXiv},
    primaryClass={econ.GN},
    url={https://doi.org/10.48550/arXiv.2501.06873},
}


# Papers to cite:
@book{angrist2009mostly,
    title={Mostly harmless econometrics: An empiricist's companion},
    author={Angrist, Joshua D and Pischke, J{\"o}rn-Steffen},
    year={2009},
    publisher={Princeton university press}
}


% Angrist Imbens (1994) first proof of the LATE
@article{imbens1994identification,
    title={Identification and Estimation of Local Average Treatment Effects},
    author={Imbens, Gw and Angrist, Jd},
    journal={Econometrica},
    volume={62},
    number={2},
    pages={467--475},
    year={1994},
    publisher={John Wiley and Sons}
}

% Angrist Imbens Rubin (1996) overview of the IV approach in causal terms
@article{angrist1996identification,
    title={Identification of causal effects using instrumental variables},
    author={Angrist, Joshua D and Imbens, Guido W and Rubin, Donald B},
    journal={Journal of the American statistical Association},
    volume={91},
    number={434},
    pages={444--455},
    year={1996},
    publisher={Taylor \& Francis}
}

% Rubin Holland PO framework
@article{rubin1990comment,
    title={Comment: Neyman (1923) and causal inference in experiments and observational studies},
    author={Rubin, Donald B},
    journal={Statistical Science},
    volume={5},
    number={4},
    pages={472--480},
    year={1990},
    publisher={Citeseer}
}

% Abadie IV complier weighting
@article{abadie2003semiparametric,
    title={Semiparametric instrumental variable estimation of treatment response models},
    author={Abadie, Alberto},
    journal={Journal of econometrics},
    volume={113},
    number={2},
    pages={231--263},
    year={2003},
    publisher={Elsevier}
}

% Imai Keele Yamamoto approach to causal mediation (2010)
@article{imai2010identification,
    title={Identification, Inference and Sensitivity Analysis for Causal Mediation Effects},
    author={Imai, Kosuke and Keele, Luke and Yamamoto, Teppei},
    journal={Statistical Science},
    pages={51--71},
    year={2010}
}
@inproceedings{imai2010causal,
    title={Causal mediation analysis using R},
    author={Imai, Kosuke and Keele, Luke and Tingley, Dustin and Yamamoto, Teppei},
    booktitle={Advances in social science research using R},
    pages={129--154},
    year={2010},
    organization={Springer}
}
@article{tingley2014mediation,
    title={Mediation: R package for causal mediation analysis},
    author={Tingley, Dustin and Yamamoto, Teppei and Hirose, Kentaro and Keele, Luke and Imai, Kosuke},
    journal={Journal of statistical software},
    volume={59},
    pages={1--38},
    year={2014},
    note={\url{https://doi.org/10.18637/jss.v059.i05}}
}

# Robins approach to causl med.
@article{robins2003semantics,
    title={Semantics of causal DAG models and the identification of direct and indirect effects},
    author={Robins, James M},
    journal={Oxford Statistical Science Series},
    pages={70--82},
    year={2003},
    publisher={OXFORD UNIV PRESS}
}
# Pearl approach to causal med
@article{pearl2003direct,
    author       = {Judea Pearl},
    title        = {Direct and Indirect Effects},
    journal      = {CoRR},
    volume       = {abs/1301.2300},
    year         = {2013},
    url          = {http://arxiv.org/abs/1301.2300},
    eprinttype    = {arXiv},
    eprint       = {1301.2300},
    timestamp    = {Mon, 13 Aug 2018 16:48:51 +0200},
    biburl       = {https://dblp.org/rec/journals/corr/abs-1301-2300.bib},
    bibsource    = {dblp computer science bibliography, https://dblp.org}
}
# Imai + paper on 2 way randomsied experiments for mediation
@article{imai2013experimental,
    title={Experimental designs for identifying causal mechanisms},
    author={Imai, Kosuke and Tingley, Dustin and Yamamoto, Teppei},
    journal={Journal of the Royal Statistical Society Series A: Statistics in Society},
    volume={176},
    number={1},
    pages={5--51},
    year={2013},
    publisher={Oxford University Press}
}
% and an application of this 
@article{ludwig2011mechanism,
    title={Mechanism experiments and policy evaluations},
    author={Ludwig, Jens and Kling, Jeffrey R and Mullainathan, Sendhil},
    journal={Journal of economic Perspectives},
    volume={25},
    number={3},
    pages={17--38},
    year={2011},
    publisher={American Economic Association}
}

% Heckman Pinto foray into mediation.
@article{heckman2013understanding,
    title={Understanding the mechanisms through which an influential early childhood program boosted adult outcomes},
    author={Heckman, James and Pinto, Rodrigo and Savelyev, Peter},
    journal={American economic review},
    volume={103},
    number={6},
    pages={2052--2086},
    year={2013},
    publisher={American Economic Association}
}
@article{heckman2015econometric,
    title={Econometric mediation analyses: Identifying the sources of treatment effects from experimentally estimated production technologies with unmeasured and mismeasured inputs},
    author={Heckman, James J and Pinto, Rodrigo},
    journal={Econometric reviews},
    volume={34},
    number={1-2},
    pages={6--31},
    year={2015},
    publisher={Taylor \& Francis}
}

# Keele + paper on mediation on treated
@article{keele2015identifying,
    title={Identifying mechanisms behind policy interventions via causal mediation analysis},
    author={Keele, Luke and Tingley, Dustin and Yamamoto, Teppei},
    journal={Journal of Policy Analysis and Management},
    volume={34},
    number={4},
    pages={937--963},
    year={2015},
    publisher={Wiley Online Library}
}

% control function overview
@article{heckman2004using,
    title={Using matching, instrumental variables, and control functions to estimate economic choice models},
    author={Heckman, James and Navarro-Lozano, Salvador},
    journal={Review of Economics and statistics},
    volume={86},
    number={1},
    pages={30--57},
    year={2004},
    publisher={MIT Press 238 Main St., Suite 500, Cambridge, MA 02142-1046, USA journals~â€¦}
}

@article{imbens2007nonadditive,
    title={Nonadditive models with endogenous regressors},
    author={Imbens, Guido W},
    journal={Econometric Society Monographs},
    volume={43},
    pages={17},
    year={2007},
    publisher={Cambridge University Press}
}

@article{wooldridge2015control,
    title={Control function methods in applied econometrics},
    author={Wooldridge, Jeffrey M},
    journal={Journal of Human Resources},
    volume={50},
    number={2},
    pages={420--445},
    year={2015},
    publisher={University of Wisconsin Press}
}

% Vytlacil equivalence of IV + latent index models
@article{vytlacil2002independence,
    title={Independence, monotonicity, and latent index models: An equivalence result},
    author={Vytlacil, Edward},
    journal={Econometrica},
    volume={70},
    number={1},
    pages={331--341},
    year={2002},
    publisher={JSTOR}
}
# Heckman Vycatil (2005) MTE
@article{heckman2005structural,
    title={Structural equations, treatment effects, and econometric policy evaluation 1},
    author={Heckman, James J and Vytlacil, Edward},
    journal={Econometrica},
    volume={73},
    number={3},
    pages={669--738},
    year={2005},
    publisher={Wiley Online Library}
}
# Original MTE, using the Heckman selection model
@article{bjorklund1987estimation,
    title={The estimation of wage gains and welfare gains in self-selection models},
    author={Bj{\"o}rklund, Anders and Moffitt, Robert},
    journal={The Review of Economics and Statistics},
    pages={42--49},
    year={1987}
}
# Heckman sample selection structural model.
@article{heckman1974shadow,
    title={Shadow prices, market wages, and labor supply},
    author={Heckman, James},
    journal={Econometrica: journal of the econometric society},
    pages={679--694},
    year={1974},
    publisher={JSTOR}
}
# Heckman picking up the Roy model.
@article{heckman1990empirical,
    title={The empirical content of the Roy model},
    author={Heckman, James J and Honore, Bo E},
    journal={Econometrica: Journal of the Econometric Society},
    pages={1121--1149},
    year={1990},
    publisher={JSTOR}
}
@article{eisenhauer2015generalized,
    title={The generalized Roy model and the cost-benefit analysis of social programs},
    author={Eisenhauer, Philipp and Heckman, James J and Vytlacil, Edward},
    journal={Journal of Political Economy},
    volume={123},
    number={2},
    pages={413--443},
    year={2015},
    publisher={University of Chicago Press Chicago, IL}
}

# Heckman sample selection statistical approach.
@article{heckman1979sample,
    title={Sample selection bias as a specification error},
    author={Heckman, James J},
    journal={Econometrica: Journal of the econometric society},
    pages={153--161},
    year={1979},
    publisher={JSTOR}
}
# Heckman selection bias formula (if selection-on-observables does not hold).
@article{heckman1998characterizing,
    title={Characterizing Selection Bias Using Experimental Data},
    author={Heckman, James and Ichimura, Hidehiko and Smith, Jeffrey and Todd, Petra},
    journal={Econometrica},
    volume={66},
    number={5},
    pages={1017--1098},
    year={1998}
}
# Negative weights in OLS with linear controls
@article{angrist1998estimating,
    title={Estimating the labor market impact of voluntary military service using social security data on military applicants},
    author={Angrist, Joshua D},
    journal={Econometrica},
    volume={66},
    number={2},
    pages={249--288},
    year={1998},
    publisher={Blackwell Publishing Inc.}
}
@article{sloczynski2022interpreting,
    title={Interpreting OLS estimands when treatment effects are heterogeneous: Smaller groups get larger weights},
    author={S{\l}oczy{\'n}ski, Tymon},
    journal={Review of Economics and Statistics},
    volume={104},
    number={3},
    pages={501--509},
    year={2022},
    publisher={MIT Press One Rogers Street, Cambridge, MA 02142-1209, USA journals-info~â€¦}
}
% Nobel lecture
@article{angrist2022empirical,
    title={Empirical strategies in economics: Illuminating the path from cause to effect},
    author={Angrist, Joshua D},
    journal={Econometrica},
    volume={90},
    number={6},
    pages={2509--2539},
    year={2022},
    publisher={Wiley Online Library}
}

# Semi parametric control function method
@article{newey1999nonparametric,
    title={Nonparametric estimation of triangular simultaneous equations models},
    author={Newey, Whitney K and Powell, James L and Vella, Francis},
    journal={Econometrica},
    volume={67},
    number={3},
    pages={565--603},
    year={1999},
    publisher={Wiley Online Library}
}
# Semi parametric control function method
@article{imbens2009identification,
    title={Identification and estimation of triangular simultaneous equations models without additivity},
    author={Imbens, Guido W and Newey, Whitney K},
    journal={Econometrica},
    volume={77},
    number={5},
    pages={1481--1512},
    year={2009},
    publisher={Wiley Online Library}
}
# CF for treatment effects
@article{florens2008identification,
    title={Identification of treatment effects using control functions in models with continuous, endogenous treatment and heterogeneous effects},
    author={Florens, Jean-Pierre and Heckman, James J and Meghir, Costas and Vytlacil, Edward},
    journal={Econometrica},
    volume={76},
    number={5},
    pages={1191--1206},
    year={2008},
    publisher={Wiley Online Library}
}

# MTE general framework for extrapolating to policy relevant parameters
@article{mogstad2018using,
    title={Using instrumental variables for inference about policy relevant treatment parameters},
    author={Mogstad, Magne and Santos, Andres and Torgovitsky, Alexander},
    journal={Econometrica},
    volume={86},
    number={5},
    pages={1589--1619},
    year={2018},
    publisher={Wiley Online Library}
}
@article{mogstad2018identification,
    title={Identification and extrapolation of causal effects with instrumental variables},
    author={Mogstad, Magne and Torgovitsky, Alexander},
    journal={Annual Review of Economics},
    volume={10},
    pages={577--613},
    year={2018},
    publisher={Annual Reviews}
}

% Conley+ 2012, plauibly exogenous instruments
@article{conley2012plausibly,
    title={Plausibly exogenous},
    author={Conley, Timothy G and Hansen, Christian B and Rossi, Peter E},
    journal={Review of Economics and Statistics},
    volume={94},
    number={1},
    pages={260--272},
    year={2012},
    publisher={The MIT Press},
    note = {\url{https://doi.org/10.1162/REST_a_00139}},
    }

% Bad controls
@article{cinelli2024crash,
    title={A crash course in good and bad controls},
    author={Cinelli, Carlos and Forney, Andrew and Pearl, Judea},
    journal={Sociological Methods \& Research},
    volume={53},
    number={3},
    pages={1071--1104},
    year={2024},
    publisher={Sage Publications Sage CA: Los Angeles, CA}
}

% Ding M-bias
@article{ding2015adjust,
    title={To adjust or not to adjust? Sensitivity analysis of M-bias and butterfly-bias},
    author={Ding, Peng and Miratrix, Luke W},
    journal={Journal of Causal Inference},
    volume={3},
    number={1},
    pages={41--57},
    year={2015},
    publisher={De Gruyter}
}
% Huber review of causla med
@article{huber2019review,
    title={Mediation analysis},
    author={Huber, Martin},
    journal={Handbook of labor, human resources and population economics},
    pages={1--38},
    year={2020},
    publisher={Springer}
}

% Huber DML for causal med
@article{farbmacher2022causal,
    title={Causal mediation analysis with double machine learning},
    author={Farbmacher, Helmut and Huber, Martin and Laff{\'e}rs, Luk{\'a}{\v{s}} and Langen, Henrika and Spindler, Martin},
    journal={The Econometrics Journal},
    volume={25},
    number={2},
    pages={277--300},
    year={2022},
    publisher={Oxford University Press}
}
@article{huber2024testing,
    title={Testing identification in mediation and dynamic treatment models},
    author={Huber, Martin and Kloiber, Kevin and Laffers, Lukas},
    journal={arXiv preprint arXiv:2406.13826},
    year={2024}
}

% Laffers DML for sample selection models.
@article{bia2024double,
    title={Double machine learning for sample selection models},
    author={Bia, Michela and Huber, Martin and Laff{\'e}rs, Luk{\'a}{\v{s}}},
    journal={Journal of Business \& Economic Statistics},
    volume={42},
    number={3},
    pages={958--969},
    year={2024},
    publisher={Taylor \& Francis}
}

% Huber overlapping diff-in-diff
@article{deuchert2019direct,
    title={Direct and indirect effects based on difference-in-differences with an application to political preferences following the Vietnam draft lottery},
    author={Deuchert, Eva and Huber, Martin and Schelker, Mark},
    journal={Journal of Business \& Economic Statistics},
    volume={37},
    number={4},
    pages={710--720},
    year={2019},
    publisher={Taylor \& Francis}
}

% Huber continuous mediation
@article{huber2020direct,
    title={Direct and indirect effects of continuous treatments based on generalized propensity score weighting},
    author={Huber, Martin and Hsu, Yu-Chin and Lee, Ying-Ying and Lettry, Layal},
    journal={Journal of Applied Econometrics},
    volume={35},
    number={7},
    pages={814--840},
    year={2020},
    publisher={Wiley Online Library}
}

% Roth paper on full mediation.
@article{kwon2024testing,
    title={Testing Mechanisms},
    author={Kwon, Soonwoo and Roth, Jonathan},
    journal={ArXiv preprint},
    year={2024}
}

% Singh Sun complier scores + test for complier characteristics
@misc{singh2022double,
    title={Double Robustness for Complier Parameters and a Semiparametric Test for Complier Characteristics}, 
    author={Rahul Singh and Liyang Sun},
    year={2022},
    eprint={1909.05244},
    archivePrefix={arXiv},
    primaryClass={stat.ML},
    note = {\url{https://doi.org/10.48550/arXiv.1909.05244}}
}

% Roy Model for selection into treatment based on treatment gains
@article{roy1951some,
    title={Some thoughts on the distribution of earnings},
    author={Roy, Andrew Donald},
    journal={Oxford economic papers},
    volume={3},
    number={2},
    pages={135--146},
    year={1951},
    publisher={Oxford University Press}
}

% Semi-parametric generalisation of probit/logit
@article{klein1993efficient,
    title={An efficient semiparametric estimator for binary response models},
    author={Klein, Roger W and Spady, Richard H},
    journal={Econometrica},
    pages={387--421},
    year={1993},
    publisher={JSTOR}
}

% Non-parametric code for E[outcome | predictor], wth root-n consistency.
@article{athey2019generalized,
    title={Generalized random forests},
    author={Athey, Susan and Tibshirani, Julie and Wager, Stefan},
    journal={The Annals of Statistics},
    volume={47},
    number={2},
    pages={1148--1178},
    year={2019}
}

% Semi-parametric splines in R
@article{wood2016mgcv,
    title = {Smoothing parameter and model selection for general smooth models (with discussion)},
    author = {S.N. Wood and {N.} and {Pya} and B. S{"a}fken},
    journal = {Journal of the American Statistical Association},
    year = {2016},
    pages = {1548-1575},
    volume = {111},
}

% Robins g-computation
@article{robins1986g,
    title={A new approach to causal inference in mortality studies with a sustained exposure periodâ€”application to control of the healthy worker survivor effect},
    author={Robins, James},
    journal={Mathematical modelling},
    volume={7},
    number={9-12},
    pages={1393--1512},
    year={1986},
    publisher={Elsevier}
}

% Heckman book review about selectiton into treament, and selection models
@book{heckman1991randomisation,
    title={Randomization and social policy evaluation},
    author={Heckman, James Joseph},
    year={1991},
    publisher={National Bureau of Economic Research Cambridge, MA}
}

% Sanchez-Becerra test for TE heterogeneity as a result of characteristics
@article{sanchezbecerra2023robust,
    title={Robust inference for the treatment effect variance in experiments using machine learning}, 
    author={Alejandro Sanchez-Becerra},
    year={2023},
    eprint={2306.03363},
    archivePrefix={arXiv},
    primaryClass={econ.EM}
}

% Equivalence of Heckman selection modelling and IV LATE
@article{kline2019heckits,
    title={On Heckits, LATE, and numerical equivalence},
    author={Kline, Patrick and Walters, Christopher R},
    journal={Econometrica},
    volume={87},
    number={2},
    pages={677--696},
    year={2019},
    publisher={Wiley Online Library}
}
# Semi-parametric approach to MTEs, when instrument is discrete.
@article{brinch2017beyond,
    title={Beyond LATE with a discrete instrument},
    author={Brinch, Christian N and Mogstad, Magne and Wiswall, Matthew},
    journal={Journal of Political Economy},
    volume={125},
    number={4},
    pages={985--1039},
    year={2017},
    publisher={University of Chicago Press Chicago, IL}
}


% Test for selection to treatment, Black Joo LaLonde Smith Taylor (2022)
@article{black2022simple,
    title={Simple tests for selection: Learning more from instrumental variables},
    author={Black, Dan A and Joo, Joonhwi and LaLonde, Robert and Smith, Jeffrey A and Taylor, Evan J},
    journal={Labour Economics},
    volume={79},
    pages={102237},
    year={2022},
    publisher={Elsevier}
}

% Huber Mellace moment tests for instrument validity
@article{huber2015testing,
    title={Testing instrument validity for LATE identification based on inequality moment constraints},
    author={Huber, Martin and Mellace, Giovanni},
    journal={Review of Economics and Statistics},
    volume={97},
    number={2},
    pages={398--411},
    year={2015},
    publisher={The MIT Press}
}

% Huber two instruments for mediation
@article{frolich2017direct,
    title={Direct and indirect treatment effects--causal chains and mediation analysis with instrumental variables},
    author={Fr{\"o}lich, Markus and Huber, Martin},
    journal={Journal of the Royal Statistical Society Series B: Statistical Methodology},
    volume={79},
    number={5},
    pages={1645--1666},
    year={2017},
    publisher={Oxford University Press}
}

% Applied theory on exclusion
@techreport{jones2015economics,
    title={The economics of exclusion restrictions in iv models},
    author={Jones, Damon},
    year={2015},
    institution={National Bureau of Economic Research}
}

% invalidating Catholic school isntrument.
@article{altonji2005evaluation,
    title={An evaluation of instrumental variable strategies for estimating the effects of catholic schooling},
    author={Altonji, Joseph G and Elder, Todd E and Taber, Christopher R},
    journal={Journal of Human resources},
    volume={40},
    number={4},
    pages={791--821},
    year={2005},
    publisher={University of Wisconsin Press}
}

% AET unobserved selection
@article{altonji2005selection,
    title={Selection on observed and unobserved variables: Assessing the effectiveness of Catholic schools},
    author={Altonji, Joseph G and Elder, Todd E and Taber, Christopher R},
    journal={Journal of political economy},
    volume={113},
    number={1},
    pages={151--184},
    year={2005},
    publisher={The University of Chicago Press}
}

% Kitagawa (2015) test for instrument validity
@article{kitagawa2015test,
    title={A test for instrument validity},
    author={Kitagawa, Toru},
    journal={Econometrica},
    volume={83},
    number={5},
    pages={2043--2063},
    year={2015},
    publisher={Wiley Online Library}
}
% Mourifie Yuanyuan (2017) test for instrument validity
@article{mourifie2017testing,
    title={Testing local average treatment effect assumptions},
    author={Mourifi{\'e}, Ismael and Wan, Yuanyuan},
    journal={Review of Economics and Statistics},
    volume={99},
    number={2},
    pages={305--313},
    year={2017},
    publisher={MIT Press One Rogers Street, Cambridge, MA 02142-1209, USA journals-info~â€¦}
}
% Flores Flores-Lagunes (2009) work on causal mediation
@article{flores2009identification,
    title={Identification and estimation of causal mechanisms and net effects of a treatment under unconfoundedness},
    author={Flores, Carlos A and Flores-Lagunes, Alfonso},
    year={2009},
    publisher={IZA Discussion paper}
}
% Similar partial identification approach.
@article{blackwell2024assumption,
    title={Assumption Smuggling in Intermediate Outcome Tests of Causal Mechanisms},
    author={Blackwell, Matthew and Ma, Ruofan and Opacic, Aleksei},
    journal={arXiv preprint arXiv:2407.07072},
    year={2024}
}

% Flores Flores-Lagunes (2009) work on causal mediation + IV methods
@article{flores2013partial,
    title={Partial identification of local average treatment effects with an invalid instrument},
    author={Flores, Carlos A and Flores-Lagunes, Alfonso},
    journal={Journal of Business \& Economic Statistics},
    volume={31},
    number={4},
    pages={534--545},
    year={2013},
    publisher={Taylor \& Francis}
}
% Frolich (2007) setting for conditional effects when identification is conditional
@article{frolich2007nonparametric,
    title={Nonparametric IV estimation of local average treatment effects with covariates},
    author={Fr{\"o}lich, Markus},
    journal={Journal of Econometrics},
    volume={139},
    number={1},
    pages={35--75},
    year={2007},
    publisher={Elsevier}
}


# Software:

# Packages for the data analysis stages.
% R langauge: Rscript -e 'toBibtex(citation())'
@Manual{R2023,
    title = {R: A Language and Environment for Statistical Computing},
    author = {{R Core Team}},
    organization = {R Foundation for Statistical Computing},
    address = {Vienna, Austria},
    year = {2025},
    url = {https://www.R-project.org/},
}
% R Tidyverse: Rscript -e 'toBibtex(citation("tidyverse"))'
@Article{tidyverse,
    title = {Welcome to the {tidyverse}},
    author = {Hadley Wickham and Mara Averick and Jennifer Bryan and Winston Chang and Lucy D'Agostino McGowan and Romain FranÃ§ois and Garrett Grolemund and Alex Hayes and Lionel Henry and Jim Hester and Max Kuhn and Thomas Lin Pedersen and Evan Miller and Stephan Milton Bache and Kirill MÃ¼ller and Jeroen Ooms and David Robinson and Dana Paige Seidel and Vitalie Spinu and Kohske Takahashi and Davis Vaughan and Claus Wilke and Kara Woo and Hiroaki Yutani},
    year = {2019},
    journal = {Journal of Open Source Software},
    volume = {4},
    number = {43},
    pages = {1686},
    note = {\url{https://doi.org/10.21105/joss.01686}},
    }
% Double ML package
@misc{DoubleML2020,
    title={{DoubleML} --- {A}n Object-Oriented Implementation of Double Machine Learning in {R}}, 
    author={P. Bach and V. Chernozhukov and M. S. Kurz and M. Spindler and Sven Klaassen},
    year={2024},
    journal={Journal of Statistical Software},
    volume={108},
    number={3},
    pages= {1-56},
    doi={10.18637/jss.v108.i03},
    note={\url{https://doi.org/10.18637/jss.v108.i03}}
}
% Stargazer (TeX tables)
@Manual{stargazer,
    title = {stargazer: Well-Formatted Regression and Summary Statistics Tables},
    author = {Marek Hlavac},
    year = {2018},
    note = {R package version 5.2.2, \url{https://CRAN.R-project.org/package=stargazer}},
    organization = {Central European Labour Studies Institute (CELSI)}
}
@article{wang2021shape,
    title={Shape-Restricted Regression Splines with R Package splines2.},
    author={Wang, Wenjie and Yan, Jun},
    journal={Journal of Data Science},
    volume={19},
    number={3},
    year={2021}
}
