@comment{# Data to cite}

@comment{# Papers to cite:

% Angrist Imbens (1994) first proof of the LATE}

@comment{% Angrist Imbens Rubin (1996) overview of the IV approach in causal terms}

@comment{% Rubin Holland PO framework}

@comment{% Generalised forests}

@comment{}

% Abadie compliance weighting}

@comment{% Angrist famous IV paper (effect of army enrolment on earnings, by lottery)}

@comment{% Angrist Kruger famous IV paper (effect of extra schooling years)}

@comment{% Imai Kelle Yamamoto approach to causal mediation (2010)}

@comment{# Robins approach to causl med.}

@comment{# Pearl approach to causal med}

@comment{% Vytlacil equivalence of IV + latent indix models}

@comment{# Heckman Vycatil (2005) MTE}

@comment{# MTE general framework for extrapolating to policy relevant parameters}

@comment{% MTE general framework for extrapolating LATE}

@comment{% Conley+ 2012, plauibly exogenous instruments}

@comment{% Ashley sensitivity analysis when instrument is included in the second stage}

@comment{# Extension of plausibly exogenous framework.}

@comment{% Generalising misspecification}

@comment{% Misspecification in DiD}

@comment{% Angrist Fernadez-Val (2010, 2013) conditions for LATE extrapolation}

@comment{% Singh Sun complier scores + test for complier characteristics}

@comment{% Roy Model for selection into treatment based on treatment gains}

@comment{% Heckman book review about selectiton into treament, and selection models}

@comment{% Sanchez-Becerra test for TE heterogeneity as a result of characteristics}

@comment{% Test for selection to treatment, Black Joo LaLonde Smith Taylor (2022)}

@comment{% Huber Mellace moment tests for instrument validity}

@comment{% Lee (2009) bounds on TE effects}

@comment{% Conditional trimmed bounds on TEs}

@comment{% APplied theory on exclusion}

@comment{% invalidating Catholic school isntrument.}

@comment{% invalidating instrument in poli sci}

@comment{% Testing instruments in labour econ.}

@comment{% Kitagawa (2015) test for instrument validity}

@comment{% Mourifie Yuanyuan (2017) test for instrument validity}

@comment{% Flores Flores-Lagunes (2009) work on causal mediation}

@comment{% Flores Flores-Lagunes (2009) work on causal mediation + IV methods}

@comment{% Frolich (2007) setting for conditional effects when identification is conditional}

@comment{% Influential medicine work describing Mendelian randomisation.}

@comment{% Econ work describing Mendelian randomisation.}

@comment{% MR for LDL -> CVD}

@comment{% MR for alcohol -> health}

@comment{% MR for blood pressure -> CVD}

@comment{# Extension of plausibly exogenous framework to Pleiotropy}

@comment{# Weak instrument test + homogenous TE test for pleiotopy}

@comment{% MR for educ -> health}

@comment{% MR for educ -> exercise rates}

@comment{% MR for educ -> obesity}

@comment{% GWAS for education loci, identified within many genetic databases}

@comment{% Previous economic research using education gene scores in the HRS.}

@comment{% Reference for the UK Biobank data}

@comment{% Article explaining GWASs}

@comment{% MR randomisation correctly specified.}

@comment{% MR in labour economics with violation of the exclusion restriction}

@comment{# Software:

# Packages for the data analysis stages.
% R langauge: Rscript -e 'toBibtex(citation())'}

@comment{% R Tidyverse: Rscript -e 'toBibtex(citation("tidyverse"))'}

@comment{% Stargazer (TeX tables)}

@article{abadie2003semiparametric,
 author = {Abadie, Alberto},
 journal = {Journal of econometrics},
 note = {\url{https://doi.org/10.1016/s0304-4076(02)00201-4}},
 number = {2},
 pages = {231--263},
 publisher = {Elsevier},
 title = {Semiparametric instrumental variable estimation of treatment response models},
 volume = {113},
 year = {2003}
}

@article{altonji2005evaluation,
 author = {Altonji, Joseph G and Elder, Todd E and Taber, Christopher R},
 journal = {Journal of Human resources},
 note = {\url{https://doi.org/10.3386/w9358}},
 number = {4},
 pages = {791--821},
 publisher = {University of Wisconsin Press},
 title = {An evaluation of instrumental variable strategies for estimating the effects of catholic schooling},
 volume = {40},
 year = {2005}
}

@article{angrist1990lifetime,
 author = {Angrist, Joshua D},
 journal = {The american economic review},
 note = {\url{https://doi.org/10.3386/w3514}},
 pages = {313--336},
 publisher = {JSTOR},
 title = {Lifetime earnings and the Vietnam era draft lottery: evidence from social security administrative records},
 year = {1990}
}

@article{angrist1991does,
 author = {Angrist, Joshua D and Krueger, Alan B},
 journal = {The Quarterly Journal of Economics},
 note = {\url{https://doi.org/10.2307/2937954}},
 number = {4},
 pages = {979--1014},
 publisher = {MIT Press},
 title = {Does compulsory school attendance affect schooling and earnings?},
 volume = {106},
 year = {1991}
}

@article{angrist1996identification,
 author = {Angrist, Joshua D and Imbens, Guido W and Rubin, Donald B},
 journal = {Journal of the American statistical Association},
 note = {\url{https://doi.org/10.2307/2291634}},
 number = {434},
 pages = {444--455},
 publisher = {Taylor \& Francis},
 title = {Identification of causal effects using instrumental variables},
 volume = {91},
 year = {1996}
}

@article{angrist2010extrapolate,
 author = {Angrist, Joshua D and Fernandez-Val, Ivan},
 booktitle = {Advances in Economics and Econometrics: Volume 3, Econometrics: Tenth World Congress},
 journal = {Advances in Economics and Econometrics: Volume 3, Econometrics: Tenth World Congress},
 note = {\url{https://doi.org/10.1017/cbo9781139060035.012}},
 organization = {Cambridge University Press},
 pages = {401},
 title = {ExtrapoLATE-ing: External Validity and Overidentification in the LATE Framework},
 volume = {51},
 year = {2013}
}

@misc{armstrong2023adapting,
 archiveprefix = {arXiv},
 author = {Timothy B. Armstrong and Patrick Kline and Liyang Sun},
 eprint = {2305.14265},
 primaryclass = {econ.EM},
 title = {Adapting to Misspecification},
 year = {2023}
}

@article{ashenfelter1994estimates,
 author = {Ashenfelter, Orley and Krueger, Alan},
 journal = {The American economic review},
 note = {\url{https://doi.org/10.3386/w4143}},
 pages = {1157--1173},
 publisher = {JSTOR},
 title = {Estimates of the economic return to schooling from a new sample of twins},
 year = {1994}
}

@article{ashley2009assessing,
 author = {Ashley, Richard},
 journal = {Journal of Applied Econometrics},
 note = {\url{https://doi.org/10.1002/jae.1044}},
 number = {2},
 pages = {325--337},
 publisher = {Wiley Online Library},
 title = {Assessing the credibility of instrumental variables inference with imperfect instruments via sensitivity analysis},
 volume = {24},
 year = {2009}
}

@article{athey2016recursive,
 author = {Athey, Susan and Imbens, Guido},
 journal = {Proceedings of the National Academy of Sciences},
 note = {\url{https://doi.org/10.1073/pnas.1510489113}},
 number = {27},
 pages = {7353--7360},
 publisher = {National Acad Sciences},
 title = {Recursive partitioning for heterogeneous causal effects},
 volume = {113},
 year = {2016}
}

@article{athey2019generalized,
 author = {Athey, Susan and Tibshirani, Julie and Wager, Stefan},
 journal = {The Annals of Statistics},
 note = {\url{https://doi.org/10.1214/18-aos1709}},
 number = {2},
 pages = {1148--1178},
 title = {Generalized random forests},
 volume = {47},
 year = {2019}
}

@article{barban2021effect,
 author = {Barban, Nicola and De Cao, Elisabetta and Oreffice, Sonia and Quintana-Domeque, Climent},
 journal = {Labour Economics},
 note = {\url{https://doi.org/10.1016/j.labeco.2021.102023}},
 pages = {102023},
 publisher = {Elsevier},
 title = {The effect of education on spousal education: a genetic approach},
 volume = {71},
 year = {2021}
}

@article{barth2020genetic,
 author = {Barth, Daniel and Papageorge, Nicholas W and Thom, Kevin},
 journal = {Journal of Political Economy},
 note = {\url{https://doi.org/10.1086/705415}},
 number = {4},
 pages = {1474--1522},
 publisher = {The University of Chicago Press Chicago, IL},
 title = {Genetic endowments and wealth inequality},
 volume = {128},
 year = {2020}
}

@article{black2022simple,
 author = {Black, Dan A and Joo, Joonhwi and LaLonde, Robert and Smith, Jeffrey A and Taylor, Evan J},
 journal = {Labour Economics},
 note = {\url{https://doi.org/10.1016/j.labeco.2022.102237}},
 pages = {102237},
 publisher = {Elsevier},
 title = {Simple tests for selection: Learning more from instrumental variables},
 volume = {79},
 year = {2022}
}

@article{bockerman2017does,
 author = {B{\"o}ckerman, Petri and Viinikainen, Jutta and Pulkki-R{\aa}back, Laura and Hakulinen, Christian and Pitk{\"a}nen, Niina and Lehtim{\"a}ki, Terho and Pehkonen, Jaakko and Raitakari, Olli T},
 journal = {Preventive medicine},
 note = {\url{https://doi.org/10.1016/j.ypmed.2017.06.015}},
 pages = {195--198},
 publisher = {Elsevier},
 title = {Does higher education protect against obesity? Evidence using Mendelian randomization},
 volume = {101},
 year = {2017}
}

@article{bowden2015mendelian,
 author = {Bowden, Jack and Davey Smith, George and Burgess, Stephen},
 journal = {International journal of epidemiology},
 note = {\url{https://doi.org/10.1093/ije/dyv080}},
 number = {2},
 pages = {512--525},
 publisher = {Oxford University Press},
 title = {Mendelian randomization with invalid instruments: effect estimation and bias detection through Egger regression},
 volume = {44},
 year = {2015}
}

@misc{card1993using,
 author = {Card, David},
 publisher = {National Bureau of Economic Research Cambridge, Mass., USA},
 title = {Using geographic variation in college proximity to estimate the return to schooling},
 year = {1993}
}

@article{card1999causal,
 author = {Card, David},
 journal = {Handbook of labor economics},
 note = {\url{https://doi.org/10.1016/s1573-4463(99)03011-4}},
 pages = {1801--1863},
 publisher = {Elsevier},
 title = {The causal effect of education on earnings},
 volume = {3},
 year = {1999}
}

@article{chen2008alcohol,
 author = {Chen, Lina and Davey Smith, George and Harbord, Roger M and Lewis, Sarah J},
 journal = {PLoS medicine},
 note = {\url{https://doi.org/10.1371/journal.pmed.0050052}},
 number = {3},
 pages = {e52},
 publisher = {Public Library of Science San Francisco, USA},
 title = {Alcohol intake and blood pressure: a systematic review implementing a Mendelian randomization approach},
 volume = {5},
 year = {2008}
}

@article{conley2012plausibly,
 author = {Conley, Timothy G and Hansen, Christian B and Rossi, Peter E},
 journal = {Review of Economics and Statistics},
 note = {\url{https://doi.org/10.1162/REST_a_00139}},
 number = {1},
 pages = {260--272},
 publisher = {The MIT Press},
 title = {Plausibly exogenous},
 volume = {94},
 year = {2012}
}

@article{ference2017low,
 author = {Ference, Brian A and Ginsberg, Henry N and Graham, Ian and Ray, Kausik K and Packard, Chris J and Bruckert, Eric and Hegele, Robert A and Krauss, Ronald M and Raal, Frederick J and Schunkert, Heribert and others},
 journal = {European heart journal},
 note = {\url{https://doi.org/10.1093/eurheartj/ehx144}},
 number = {32},
 pages = {2459--2472},
 publisher = {Oxford University Press},
 title = {Low-density lipoproteins cause atherosclerotic cardiovascular disease. 1. Evidence from genetic, epidemiologic, and clinical studies. A consensus statement from the European Atherosclerosis Society Consensus Panel},
 volume = {38},
 year = {2017}
}

@article{fletcher2011genetic,
 author = {Fletcher, Jason M and Lehrer, Steven F},
 journal = {Journal of health economics},
 note = {\url{https://doi.org/10.1016/j.jhealeco.2011.04.005}},
 number = {4},
 pages = {647--659},
 publisher = {Elsevier},
 title = {Genetic lotteries within families},
 volume = {30},
 year = {2011}
}

@article{flores2009identification,
 author = {Flores, Carlos A and Flores-Lagunes, Alfonso},
 journal = {IZA Discussion paper},
 note = {\url{https://doi.org/10.2139/ssrn.1423353}},
 publisher = {IZA Discussion paper},
 title = {Identification and estimation of causal mechanisms and net effects of a treatment under unconfoundedness},
 year = {2009}
}

@article{flores2013partial,
 author = {Flores, Carlos A and Flores-Lagunes, Alfonso},
 journal = {Journal of Business \& Economic Statistics},
 note = {\url{https://doi.org/10.1080/07350015.2013.822760}},
 number = {4},
 pages = {534--545},
 publisher = {Taylor \& Francis},
 title = {Partial identification of local average treatment effects with an invalid instrument},
 volume = {31},
 year = {2013}
}

@article{frolich2007nonparametric,
 author = {Fr{\"o}lich, Markus},
 journal = {Journal of Econometrics},
 note = {\url{https://doi.org/10.1016/j.jeconom.2006.06.004}},
 number = {1},
 pages = {35--75},
 publisher = {Elsevier},
 title = {Nonparametric IV estimation of local average treatment effects with covariates},
 volume = {139},
 year = {2007}
}

@manual{grf,
 author = {Julie Tibshirani and Susan Athey and Erik Sverdrup and Stefan Wager},
 note = {R package version 2.3.0, \url{https://CRAN.R-project.org/package=grf}},
 title = {grf: Generalized Random Forests},
 year = {2023}
}

@book{heckman1991randomisation,
 author = {Heckman, James Joseph},
 publisher = {National Bureau of Economic Research Cambridge, MA},
 title = {Randomization and social policy evaluation},
 year = {1991}
}

@article{heckman2005structural,
 author = {Heckman, James J and Vytlacil, Edward},
 journal = {Econometrica},
 note = {\url{https://doi.org/10.1111/j.1468-0262.2005.00594.x}},
 number = {3},
 pages = {669--738},
 publisher = {Wiley Online Library},
 title = {Structural equations, treatment effects, and econometric policy evaluation 1},
 volume = {73},
 year = {2005}
}

@misc{hrs2020,
 note = {Produced and distributed by the University of Michigan with funding from the National Institute on Aging (grant number NIA U01AG009740). Ann Arbor, MI, (2020).},
 title = {Health and Retirement Study Core Public Use Dataset},
 year = {2020}
}

@misc{hrs2020genes,
 note = {Produced and distributed by the University of Michigan with funding from the National Institute on Aging (grant number NIA U01AG009740). Ann Arbor, MI, (2020).},
 title = {Health and Retirement Study Polygenic Scores -- Release 4.3},
 year = {2023}
}

@article{huber2015testing,
 author = {Huber, Martin and Mellace, Giovanni},
 journal = {Review of Economics and Statistics},
 note = {\url{https://doi.org/10.1162/rest_a_00450}},
 number = {2},
 pages = {398--411},
 publisher = {The MIT Press},
 title = {Testing instrument validity for LATE identification based on inequality moment constraints},
 volume = {97},
 year = {2015}
}

@article{imai2010identification,
 author = {Imai, Kosuke and Keele, Luke and Yamamoto, Teppei},
 journal = {Statistical Science},
 note = {\url{https://doi.org/10.1214/10-sts321}},
 pages = {51--71},
 publisher = {JSTOR},
 title = {Identification, Inference and Sensitivity Analysis for Causal Mediation Effects},
 year = {2010}
}

@article{imbens1994identification,
 author = {Imbens, Gw and Angrist, Jd},
 journal = {Econometrica},
 note = {\url{https://doi.org/10.2307/2951620}},
 number = {2},
 pages = {467--475},
 publisher = {John Wiley and Sons},
 title = {Identification and Estimation of Local Average Treatment Effects},
 volume = {62},
 year = {1994}
}

@article{international2011genetic,
 author = {Aspelund, Thor and Garcia, Melissa and Chang, Yen-Pei C and O'Connell, Jeffrey R and Steinle, Nanette I and others},
 journal = {Nature},
 note = {\url{https://doi.org/10.1038/nature10405}},
 number = {7367},
 pages = {103--109},
 publisher = {Nature Publishing Group UK London},
 title = {Genetic variants in novel pathways influence blood pressure and cardiovascular disease risk},
 volume = {478},
 year = {2011}
}

@techreport{jones2015economics,
 author = {Jones, Damon},
 institution = {National Bureau of Economic Research},
 title = {The economics of exclusion restrictions in iv models},
 year = {2015}
}

@article{kari2020education,
 author = {Kari, Jaana T and Viinikainen, Jutta and B{\"o}ckerman, Petri and Tammelin, Tuija H and Pitk{\"a}nen, Niina and Lehtim{\"a}ki, Terho and Pahkala, Katja and Hirvensalo, Mirja and Raitakari, Olli T and Pehkonen, Jaakko},
 journal = {Scandinavian Journal of Medicine \& Science in Sports},
 note = {\url{https://doi.org/10.1111/sms.13653}},
 number = {7},
 pages = {1194--1204},
 publisher = {Wiley Online Library},
 title = {Education leads to a more physically active lifestyle: Evidence based on Mendelian randomization},
 volume = {30},
 year = {2020}
}

@article{kitagawa2015test,
 author = {Kitagawa, Toru},
 journal = {Econometrica},
 note = {\url{https://doi.org/10.3982/ecta11974}},
 number = {5},
 pages = {2043--2063},
 publisher = {Wiley Online Library},
 title = {A test for instrument validity},
 volume = {83},
 year = {2015}
}

@article{lal2023much,
 author = {Lal, Apoorva and Lockhart, Mac and Xu, Yiqing and Zu, Ziwen},
 journal = {arXiv preprint arXiv:2303.11399},
 note = {\url{https://doi.org/10.2139/ssrn.3905329}},
 title = {How much should we trust instrumental variable estimates in political science? Practical advice based on over 60 replicated studies},
 year = {2023}
}

@article{lawlor2008mendelian,
 author = {Lawlor, Debbie A and Harbord, Roger M and Sterne, Jonathan AC and Timpson, Nic and Davey Smith, George},
 journal = {Statistics in medicine},
 note = {\url{https://doi.org/10.1002/sim.3034}},
 number = {8},
 pages = {1133--1163},
 publisher = {Wiley Online Library},
 title = {Mendelian randomization: using genes as instruments for making causal inferences in epidemiology},
 volume = {27},
 year = {2008}
}

@article{lee2009training,
 author = {Lee, David S},
 journal = {Review of Economic Studies},
 note = {\url{https://doi.org/10.1111/j.1467-937x.2009.00536.x}},
 number = {3},
 pages = {1071--1102},
 publisher = {Oxford University Press},
 title = {Training, wages, and sample selection: Estimating sharp bounds on treatment effects},
 volume = {76},
 year = {2009}
}

@article{lee2018gene,
 author = {Lee, James J and Wedow, Robbee and Okbay, Aysu and Kong, Edward and Maghzian, Omeed and Zacher, Meghan and Nguyen-Viet, Tuan Anh and Bowers, Peter and Sidorenko, Julia and Karlsson Linn{\'e}r, Richard and others},
 journal = {Nature genetics},
 note = {\url{https://doi.org/10.1038/s41588-017-0009-4}},
 number = {8},
 pages = {1112--1121},
 publisher = {Nature Publishing Group US New York},
 title = {Gene discovery and polygenic prediction from a genome-wide association study of educational attainment in 1.1 million individuals},
 volume = {50},
 year = {2018}
}

@article{mogstad2018identification,
 author = {Mogstad, Magne and Torgovitsky, Alexander},
 journal = {Annual Review of Economics},
 note = {\url{https://doi.org/10.1146/annurev-economics-101617-041813}},
 pages = {577--613},
 publisher = {Annual Reviews},
 title = {Identification and extrapolation of causal effects with instrumental variables},
 volume = {10},
 year = {2018}
}

@article{mogstad2018using,
 author = {Mogstad, Magne and Santos, Andres and Torgovitsky, Alexander},
 journal = {Econometrica},
 note = {\url{https://doi.org/10.3982/ecta15463}},
 number = {5},
 pages = {1589--1619},
 publisher = {Wiley Online Library},
 title = {Using instrumental variables for inference about policy relevant treatment parameters},
 volume = {86},
 year = {2018}
}

@article{mourifie2017testing,
 author = {Mourifi{\'e}, Ismael and Wan, Yuanyuan},
 journal = {Review of Economics and Statistics},
 note = {\url{https://doi.org/10.1162/rest.88.3.578}},
 number = {2},
 pages = {305--313},
 publisher = {MIT Press One Rogers Street, Cambridge, MA 02142-1209, USA journals-info~…},
 title = {Testing local average treatment effect assumptions},
 volume = {99},
 year = {2017}
}

@article{okbay2016genome,
 author = {Okbay, Aysu and Beauchamp, Jonathan P and Fontana, Mark Alan and Lee, James J and Pers, Tune H and Rietveld, Cornelius A and Turley, Patrick and Chen, Guo-Bo and Emilsson, Valur and Meddens, S Fleur W and others},
 journal = {Nature},
 note = {\url{https://doi.org/10.1101/032789}},
 number = {7604},
 pages = {539--542},
 publisher = {Nature Publishing Group},
 title = {Genome-wide association study identifies 74 loci associated with educational attainment},
 volume = {533},
 year = {2016}
}

@article{papageorge2020genes,
 author = {Papageorge, Nicholas W and Thom, Kevin},
 journal = {Journal of the European Economic Association},
 note = {\url{https://doi.org/10.1093/jeea/jvz072}},
 number = {3},
 pages = {1351--1399},
 publisher = {Oxford University Press},
 title = {Genes, education, and labor market outcomes: evidence from the health and retirement study},
 volume = {18},
 year = {2020}
}

@article{pearl2003direct,
 author = {Judea Pearl},
 journal = {Proceedings of the Seventeenth Conference on Uncertainty in Artifical Intelligence},
 note = {\url{https://doi.org/10.1145/3501714.3501736}},
 title = {Direct and Indirect Effects},
 year = {2001}
}

@manual{R2023,
 address = {Vienna, Austria},
 author = {{R Core Team}},
 organization = {R Foundation for Statistical Computing},
 title = {R: A Language and Environment for Statistical Computing},
 url = {https://www.R-project.org/},
 year = {2023}
}

@article{rambachan2023more,
 author = {Rambachan, Ashesh and Roth, Jonathan},
 journal = {Review of Economic Studies},
 note = {\url{https://doi.org/10.1093/restud/rdad018}},
 publisher = {Oxford University Press US},
 title = {A more credible approach to parallel trends},
 year = {2023}
}

@article{robins2003semantics,
 author = {Robins, James M},
 journal = {Oxford Statistical Science Series},
 note = {\url{https://doi.org/10.1093/oso/9780198510550.003.0007}},
 pages = {70--82},
 publisher = {OXFORD UNIV PRESS},
 title = {Semantics of causal DAG models and the identification of direct and indirect effects},
 year = {2003}
}

@article{roy1951some,
 author = {Roy, Andrew Donald},
 journal = {Oxford economic papers},
 note = {\url{https://doi.org/10.1093/oxfordjournals.oep.a041827}},
 number = {2},
 pages = {135--146},
 publisher = {Oxford University Press},
 title = {Some thoughts on the distribution of earnings},
 volume = {3},
 year = {1951}
}

@article{rubin1990comment,
 author = {Rubin, Donald B},
 journal = {Statistical Science},
 note = {\url{https://doi.org/10.1214/ss/1177012032}},
 number = {4},
 pages = {472--480},
 publisher = {Citeseer},
 title = {Comment: Neyman (1923) and causal inference in experiments and observational studies},
 volume = {5},
 year = {1990}
}

@misc{sanchezbecerra2023robust,
 archiveprefix = {arXiv},
 author = {Alejandro Sanchez-Becerra},
 eprint = {2306.03363},
 primaryclass = {econ.EM},
 title = {Robust inference for the treatment effect variance in experiments using machine learning},
 year = {2023}
}

@misc{semenova2023generalized,
 archiveprefix = {arXiv},
 author = {Vira Semenova},
 eprint = {2008.12720},
 primaryclass = {econ.EM},
 title = {Generalized Lee Bounds},
 year = {2023}
}

@misc{singh2022double,
 archiveprefix = {arXiv},
 author = {Rahul Singh and Liyang Sun},
 eprint = {1909.05244},
 note = {\url{https://doi.org/10.48550/arXiv.1909.05244}},
 primaryclass = {stat.ML},
 title = {Double Robustness for Complier Parameters and a Semiparametric Test for Complier Characteristics},
 year = {2022}
}

@article{slichter2014testing,
 author = {Slichter, David},
 journal = {Rochester: University of Rochester},
 note = {\url{https://www.sole-jole.org/assets/docs/14436.pdf}},
 title = {Testing instrument validity and identification with invalid instruments},
 year = {2014}
}

@manual{stargazer,
 author = {Marek Hlavac},
 note = {R package version 5.2.2, \url{https://CRAN.R-project.org/package=stargazer}},
 organization = {Central European Labour Studies Institute (CELSI)},
 title = {stargazer: Well-Formatted Regression and Summary Statistics Tables},
 year = {2018}
}

@article{sudlow2015uk,
 author = {Sudlow, Cathie and Gallacher, John and Allen, Naomi and Beral, Valerie and Burton, Paul and Danesh, John and Downey, Paul and Elliott, Paul and Green, Jane and Landray, Martin and others},
 journal = {PLoS medicine},
 note = {\url{https://doi.org/10.1371/journal.pmed.1001779}},
 number = {3},
 pages = {e1001779},
 publisher = {Public Library of Science},
 title = {UK biobank: an open access resource for identifying the causes of a wide range of complex diseases of middle and old age},
 volume = {12},
 year = {2015}
}

@article{tidyverse,
 author = {Hadley Wickham and Mara Averick and Jennifer Bryan and Winston Chang and Lucy D'Agostino McGowan and Romain François and Garrett Grolemund and Alex Hayes and Lionel Henry and Jim Hester and Max Kuhn and Thomas Lin Pedersen and Evan Miller and Stephan Milton Bache and Kirill Müller and Jeroen Ooms and David Robinson and Dana Paige Seidel and Vitalie Spinu and Kohske Takahashi and Davis Vaughan and Claus Wilke and Kara Woo and Hiroaki Yutani},
 journal = {Journal of Open Source Software},
 note = {\url{https://doi.org/10.21105/joss.01686}},
 number = {43},
 pages = {1686},
 title = {Welcome to the {tidyverse}},
 volume = {4},
 year = {2019}
}

@article{uffelmann2021genome,
 author = {Uffelmann, Emil and Huang, Qin Qin and Munung, Nchangwi Syntia and De Vries, Jantina and Okada, Yukinori and Martin, Alicia R and Martin, Hilary C and Lappalainen, Tuuli and Posthuma, Danielle},
 journal = {Nature Reviews Methods Primers},
 note = {\url{https://doi.org/10.1038/s43586-021-00056-9}},
 number = {1},
 pages = {59},
 publisher = {Nature Publishing Group UK London},
 title = {Genome-wide association studies},
 volume = {1},
 year = {2021}
}

@article{van2018beyond,
 author = {Van Kippersluis, Hans and Rietveld, Cornelius A},
 journal = {The Econometrics Journal},
 note = {\url{https://doi.org/10.1111/ectj.12113}},
 number = {3},
 pages = {316--331},
 publisher = {Wiley Online Library},
 title = {Beyond plausibly exogenous},
 volume = {21},
 year = {2018}
}

@article{van2018pleiotropy,
 author = {Van Kippersluis, Hans and Rietveld, Cornelius A},
 journal = {International journal of epidemiology},
 note = {\url{https://doi.org/10.1093/ije/dyx002}},
 number = {4},
 pages = {1279--1288},
 publisher = {Oxford University Press},
 title = {Pleiotropy-robust Mendelian randomization},
 volume = {47},
 year = {2018}
}

@article{viinikainen2022does,
 author = {Viinikainen, Jutta and Bryson, Alex and B{\"o}ckerman, Petri and Kari, Jaana T and Lehtim{\"a}ki, Terho and Raitakari, Olli and Viikari, Jorma and Pehkonen, Jaakko},
 journal = {Economics \& Human Biology},
 note = {\url{https://doi.org/10.1016/j.ehb.2022.101134}},
 pages = {101134},
 publisher = {Elsevier},
 title = {Does better education mitigate risky health behavior? A mendelian randomization study},
 volume = {46},
 year = {2022}
}

@article{von2016genetic,
 author = {Von Hinke, Stephanie and Smith, George Davey and Lawlor, Debbie A and Propper, Carol and Windmeijer, Frank},
 journal = {Journal of Health Economics},
 note = {\url{https://doi.org/10.1016/j.jhealeco.2015.10.007}},
 pages = {131--148},
 publisher = {Elsevier},
 title = {Genetic markers as instrumental variables},
 volume = {45},
 year = {2016}
}

@article{vytlacil2002independence,
 author = {Vytlacil, Edward},
 journal = {Econometrica},
 note = {\url{https://doi.org/10.1111/1468-0262.00277}},
 number = {1},
 pages = {331--341},
 publisher = {JSTOR},
 title = {Independence, monotonicity, and latent index models: An equivalence result},
 volume = {70},
 year = {2002}
}

@article{wager2018estimation,
 author = {Wager, Stefan and Athey, Susan},
 journal = {Journal of the American Statistical Association},
 note = {\url{https://doi.org/10.1080/01621459.2017.1319839}},
 number = {523},
 pages = {1228--1242},
 publisher = {Taylor \& Francis},
 title = {Estimation and inference of heterogeneous treatment effects using random forests},
 volume = {113},
 year = {2018}
}

@article{young2022mendelian,
 author = {Young, Alexander I and Nehzati, Seyed Moeen and Benonisdottir, Stefania and Okbay, Aysu and Jayashankar, Hariharan and Lee, Chanwook and Cesarini, David and Benjamin, Daniel J and Turley, Patrick and Kong, Augustine},
 journal = {Nature genetics},
 note = {\url{https://doi.org/10.1101/2020.07.02.185199}},
 number = {6},
 pages = {897--905},
 publisher = {Nature Publishing Group US New York},
 title = {Mendelian imputation of parental genotypes improves estimates of direct genetic effects},
 volume = {54},
 year = {2022}
}
